<?xml version="1.0" encoding="UTF-8"?><collection xmlns="http://www.loc.gov/MARC21/slim"><record><leader>00466nam--2200157-i-4500</leader><controlfield tag="001">000015670</controlfield><controlfield tag="002">20161230</controlfield><controlfield tag="005">20161230201031</controlfield><controlfield tag="008">060222s1000------------r-----000-0-eng-d</controlfield><datafield ind1=" " ind2=" " tag="080"><subfield code="a">517.984</subfield></datafield><datafield ind1="1" ind2=" " tag="100"><subfield code="a">Baumgartel, Hellmut And Wollenberg, Manfred</subfield></datafield><datafield ind1=" " ind2=" " tag="245"><subfield code="a">Mathematical scattering theory</subfield></datafield><datafield ind1=" " ind2=" " tag="260"><subfield code="a">Berlin, Akademie-verlag, 1983 449 P</subfield></datafield><datafield ind1=" " ind2=" " tag="490"><subfield code="a">Mathematische Lehrbucher und Monographien</subfield><subfield code="v">Band 59</subfield></datafield><datafield ind1=" " ind2=" " tag="852"><subfield code="a">72038</subfield><subfield code="c">517.9</subfield></datafield><datafield ind1=" " ind2=" " tag="CAT"><subfield code="a">Sys</subfield><subfield code="c">20090422</subfield><subfield code="h">100113</subfield></datafield></record></collection>